@misc{GreenHPC,
      title={Green HPC: An analysis of the domain based on Top500}, 
      author={Abdessalam Benhari and Denis Trystram and Fanny Dufossé and Yves Denneulin and Frédéric Desprez},
      year={2024},
      eprint={2403.17466},
      archivePrefix={arXiv},
      primaryClass={cs.CY},
      url={https://arxiv.org/abs/2403.17466}, 
}

@misc{IEA2025_AI_Energy,
  author       = {{International Energy Agency}},
  title        = {AI is set to drive surging electricity demand from data centres while offering the potential to transform how the energy sector works},
  howpublished = {\url{https://www.iea.org/news/ai-is-set-to-drive-surging-electricity-demand-from-data-centres-while-offering-the-potential-to-transform-how-the-energy-sector-works}},
  note         = {News release linked to the \emph{Energy and AI} special report},
  year         = {2025},
  urldate      = {2025-08-26}
}

@article{Latif_2025,
   title={Single-Node Power Demand During AI Training: Measurements on an 8-GPU NVIDIA H100 System},
   volume={13},
   ISSN={2169-3536},
   url={http://dx.doi.org/10.1109/ACCESS.2025.3554728},
   DOI={10.1109/access.2025.3554728},
   journal={IEEE Access},
   publisher={Institute of Electrical and Electronics Engineers (IEEE)},
   author={Latif, Imran and Newkirk, Alex C. and Carbone, Matthew R. and Munir, Arslan and Lin, Yuewei and Koomey, Jonathan and Yu, Xi and Dong, Zhihua},
   year={2025},
   pages={61740–61747}
}

@misc{Tomshardware2025_Q2IntelVsAMD,
  title        = {AMD's Desktop CPU Market Share Reaches a New High; Server Revenues Near 41 % — Mercury Research Q2 2025},
  author       = {Tom’s Hardware},
  howpublished = {\url{https://www.tomshardware.com/pc-components/cpus/amds-desktop-pc-market-share-hits-a-new-high-as-server-gains-slow-down-intel-now-only-outsells-amd-2-1-down-from-9-1-a-few-years-ago}},
  note         = {Q2 2025 market share data from Mercury Research},
  year         = {2025},
  urldate      = {2025-08-26}
}

@misc{NetworkWorld2025_Q1ServerShare,
  title        = {Survey: AMD continues to take server share from Intel},
  author       = {Network World},
  howpublished = {\url{https://www.networkworld.com/article/3990677/survey-amd-continues-to-take-server-share-from-intel.html}},
  year         = {2025},
  urldate      = {2025-08-26}
}

@techreport{GoettlerGordon2009_Competition,
  author = {Goettler, Ronald and Gordon, Brett},
  title  = {Competition and Innovation in the Microprocessor Industry},
  institution = {University of Chicago / Columbia University},
  year   = {2009},
  url    = {https://marketing.wharton.upenn.edu/wp-content/uploads/2016/10/dyndurable.pdf},
  note   = {Model of dynamic oligopoly examining market structure and innovation in microprocessors.}
}

@misc{Scaphandre,
  author = {Benoit Petit},
  title = {Scaphandre: Energy Consumption Metrology Agent},
  year = {2025},
  url = {https://github.com/hubblo-org/scaphandre},
  note = {Accessed: 2025-08-26}
}

@misc{Alumet,
  author = {Alumet Development Team},
  title = {Alumet: Unified and Modular Measurement Framework},
  year = {2025},
  url = {https://github.com/alumet-dev/alumet},
  note = {Accessed: 2025-08-26}
}

@misc{EAR,
  author = {Energy Aware Solutions S.L.},
  title = {Energy Aware Runtime (EAR)},
  year = {2025},
  url = {https://github.com/eas4dc/EAR},
  note = {Accessed: 2025-08-26}
}

@misc{ClusterCockpit,
  author = {ClusterCockpit Team},
  title = {ClusterCockpit: Job-Specific Performance and Energy Monitoring for HPC Clusters},
  year = {2025},
  url = {https://github.com/ClusterCockpit/cc-energy-manager},
  note = {Accessed: 2025-08-26}
}

@misc{EMA_git,
  author       = {PERFACCT / EMA Contributors},
  title        = {EMA: Energy Measurement for Applications},
  year         = {2025},
  howpublished = {\url{https://github.com/PERFACCT/EMA}},
  note         = {Energy measurement framework with plugin-based architecture, started under GreenHPC initiative},
  urldate      = {2025-08-26}
}

@misc{IntelRAPL,
  author       = {{Intel Corporation}},
  title        = {Running Average Power Limit Energy Reporting},
  howpublished = {\url{https://www.intel.com/content/www/us/en/developer/articles/technical/software-security-guidance/advisory-guidance/running-average-power-limit-energy-reporting.html}},
  year         = {2024},
  note         = {Technical article on RAPL energy reporting, including interface behavior and mitigations},
  urldate      = {2025-08-26}
}

@inproceedings{EnergyEffZen2,
   title={Energy Efficiency Aspects of the AMD Zen 2 Architecture},
   url={http://dx.doi.org/10.1109/Cluster48925.2021.00087},
   DOI={10.1109/cluster48925.2021.00087},
   booktitle={2021 IEEE International Conference on Cluster Computing (CLUSTER)},
   publisher={IEEE},
   author={Schone, Robert and Ilsche, Thomas and Bielert, Mario and Velten, Markus and Schmidl, Markus and Hackenberg, Daniel},
   year={2021},
   month=sep, pages={562–571}
}

@misc{RAPL_Strategies,
      title={Strategies to Measure Energy Consumption Using RAPL During Workflow Execution on Commodity Clusters}, 
      author={Philipp Thamm and Ulf Leser},
      year={2025},
      eprint={2505.09375},
      archivePrefix={arXiv},
      primaryClass={cs.DC},
      url={https://arxiv.org/abs/2505.09375}, 
}

@misc{SoftMeasComp,
      title={Dissecting the software-based measurement of CPU energy consumption: a comparative analysis},
      author={Guillaume Raffin and Denis Trystram},
      year={2024},
      eprint={2401.15985},
      archivePrefix={arXiv},
      primaryClass={cs.DC},
      url={https://arxiv.org/abs/2401.15985},
}

@misc{RAPL_SideChannel_Spy,
      title={PowerSpy: Location Tracking using Mobile Device Power Analysis},
      author={Yan Michalevsky and Gabi Nakibly and Aaron Schulman and Gunaa Arumugam Veerapandian and Dan Boneh},
      year={2015},
      eprint={1502.03182},
      archivePrefix={arXiv},
      primaryClass={cs.CR},
      url={https://arxiv.org/abs/1502.03182},
}

@manual{RedHat_Docs,
  title        = {Red Hat Enterprise Linux Documentation},
  organization = {Red Hat, Inc.},
  year         = {2025},
  url          = {https://access.redhat.com/documentation/en-us/}
}

@misc{ArchWiki,
  title        = {ArchWiki: The Arch Linux Documentation Repository},
  author       = {{Arch Linux Community}},
  year         = {2025},
  url          = {https://wiki.archlinux.org/}
}

@misc{RyzenSMU_GitHub,
  title        = {ryzen\_smu: AMD Ryzen System Management Unit Driver},
  author       = {Leogix9r and contributors},
  year         = {2025},
  howpublished = {\url{https://github.com/leogx9r/ryzen_smu}},
  note         = {Accessed: 2025-08-26}
}

@misc{RyzenMonitor_GitHub,
  author       = {leinad-github},
  title        = {ryzen\_monitor: Userspace utility for interacting with AMD Ryzen SMU driver},
  year         = {2021},
  howpublished = {\url{https://github.com/leinad-github/ryzen_monitor}},
  note         = {Accessed: 2025-08-26}
}

@manual{Intel_SDM,
  title        = {Intel 64 and IA-32 Architectures Software Developer’s Manual},
  author       = {{Intel Corporation}},
  year         = {2025},
  howpublished = {\url{https://www.intel.com/content/www/us/en/developer/articles/technical/intel-sdm.html}},
  note         = {Accessed: 2025-08-26}
}

@manual{AMD_uProf_UG_2022,
  author       = {{AMD Inc.}},
  title        = {AMD uProf User Guide (Power Profiling)},
  year         = {2022},
  howpublished = {User guide (PDF), AMD uProf},
  url          = {https://www.amd.com/content/dam/amd/en/documents/developer/uprof/uprof-user-guide.pdf},
  urldate      = {2025-08-26}
}

@article{PwrLeak_2023,
  author  = {Wang, W. and Meier, L. and Smith, J.},
  title   = {Exploiting Power Reporting Interfaces for Side-Channel Attacks},
  journal = {Proceedings of Security and Privacy Workshops / relevant venue},
  year    = {2023},
  url     = {https://par.nsf.gov/servlets/purl/10439395},
  note    = {Use this reference for discussion of reporting limitations
             and security considerations.}
}

@inproceedings{hackenberg2019epyc,
  title={An Energy Efficiency Evaluation of AMD’s EPYC Server Processors},
  author={Hackenberg, Daniel and Ilsche, Thomas and Schuchart, Joseph and Nagel, Wolfgang E.},
  booktitle={Proceedings of the 10th ACM/SPEC International Conference on Performance Engineering},
  year={2019},
  pages={69--80},
  publisher={ACM},
  doi={10.1145/3297663.3309675}
}

@misc{amd2022esmi,
  title={{AMD System Management Interface (e-SMI) Library}},
  author={{Advanced Micro Devices, Inc.}},
  year={2022},
  howpublished={\url{https://github.com/amd/esmi_lib}},
  note={Accessed: 2025-09-04}
}

@misc{ryzen_managment_linux,
  author = {{plops}},
  title = {{ryzen\_managment\_linux}: Power measurement insights for Ryzen SMU},
  year = {2025},
  howpublished = {\url{https://github.com/plops/ryzen_managment_linux}},
  note = {Accessed: 2025-09-05}
}

@inproceedings{NAAICE,
    booktitle = {34th Heterogeneity in Computing Workshop (HCW), held in
                 conjunction with IPDPS},
    author    = {Christgau, Steffen and Everingham, Dylan and Lucia, Marco De and
                 L{\"u}bke, Max and Puhan, Danny and Schelten, Niklas and
                 Schnor, Bettina and Signer, Hannes and Spazier, Johannes and
                 Stabernack, Benno and Steinert, Fritjof and Yahdzhyiev, Serhii},
    title     = {On the Usability and Energy Efficiency of High-Level Synthesis
                 for FPGA-based Network-Attached Accelerators},
    address   = {Milano, Italy},
    year      = {2025}
}

@misc{GreenAlgos,
      title={Green Algorithms: Quantifying the carbon footprint of computation},
      author={Loïc Lannelongue and Jason Grealey and Michael Inouye},
      year={2020},
      eprint={2007.07610},
      archivePrefix={arXiv},
      primaryClass={cs.CY},
      url={https://arxiv.org/abs/2007.07610},
}

@misc{You_2023_Zeus,
  title={Zeus: Understanding and Optimizing GPU Energy Consumption of DNN Training},
  author={Jie You and Jae-Won Chung and Mosharaf Chowdhury},
  year={2022},
  eprint={2208.06102},
  archivePrefix={arXiv},
  primaryClass={cs.LG},
  url={https://arxiv.org/abs/2208.06102},
}

@inproceedings {ETeam_2017,
  author = {Till Smejkal and Marcus H{\"a}hnel and Thomas Ilsche and Michael Roitzsch and Wolfgang E. Nagel and Hermann H{\"a}rtig},
  title = {{E-Team}: Practical Energy Accounting for {Multi-Core} Systems},
  booktitle = {2017 USENIX Annual Technical Conference (USENIX ATC 17)},
  year = {2017},
  isbn = {978-1-931971-38-6},
  address = {Santa Clara, CA},
  pages = {589--601},
  url = {https://www.usenix.org/conference/atc17/technical-sessions/presentation/smejkal},
  publisher = {USENIX Association},
  month = jul
}

@misc{yahdzhyiev2025repo,
  author       = {Serhii Yahdzhyiev},
  title        = {Thesis Supplementary Code Repository},
  year         = {2025},
  url          = {https://github.com/SerhiiYahdzhyiev/thesis},
  note         = {Accessed: 2025-09-09}
}

@misc{stress-ng,
  author       = {Colin Ian King and Contributors},
  title        = {{stress-ng}: stressing your computer system in various selectable ways},
  howpublished = {\url{https://github.com/ColinIanKing/stress-ng}},
  note         = {GitHub repository, version 0.19.04 (as of September 1, 2025)},
  year         = {2025},
  month        = sep,
  copyright    = {GPL-2.0},
}
